%% Theory

% Elements of probability
@book{Rachunek_prob,
author = {Kordecki, Wojciech},
publisher={Wydawnictwo GIS},
year = {2010},
month = {},
pages = {},
title = {Rachunek prawdopodobieństwa i statystyka matematyczna. Definicje, twierdzenia, wzory},
isbn = {978-83-89020-86-4},
doi = {}
}

% Stable distributions
@article{Stable_Distributions1,
	author =  {Borak, Szymon and Hardle, K. Wolgang and Weron, Rafał},
	title = {Stable Distributions},
	journal = {SFB 649 Discussion Paper},
	volume = {008},
	number = {},
	pages = {},
	year = {2005},
	DOI = {https://dx.doi.org/10.2139/ssrn.2894444}
}

@incollection{Stable_Distributions2,
title = {13 Financial applications of stable distributions},
series = {Handbook of Statistics},
publisher = {Elsevier},
volume = {14},
pages = {393-425},
year = {1996},
booktitle = {Statistical Methods in Finance},
issn = {0169-7161},
doi = {https://doi.org/10.1016/S0169-7161(96)14015-3},
url = {https://www.sciencedirect.com/science/article/pii/S0169716196140153},
author = {J. Huston McCulloch}
}

@article{LevyFlights,
author = {Boris Podobnik  and Aljoša Valentinčič  and Davor Horvatić  and H. Eugene Stanley },
title = {Asymmetric Levy flight in financial ratios},
journal = {Proceedings of the National Academy of Sciences},
volume = {108},
number = {44},
pages = {17883-17888},
year = {2011},
doi = {10.1073/pnas.1113330108},
URL = {https://www.pnas.org/doi/abs/10.1073/pnas.1113330108}
}


@article{Markovitz_MPT,
	author = {Markowitz, Harry},
	title = {Portfolio Selection},
	journaltitle = {The Journal of Finance},
	year = {1952},
}


@article{Aste_Probabilistic_Stress_Testing,
	author = {Aste, Tomaso},
	title = {Stress Testing and Systemic Risk Measures Using Elliptical Conditional Multivariate Probabilities},
	journaltitle = {The Journal of Risk and Financial Management},
	year = {2021},
}


% Sklar's Theorem
@article{Sklar_Theorem,
title={Fonctions de repartition an dimensions et leurs marges},
author={Sklar, Abe},
journal={Publications de l'Institut de statistique de l'Universite de Paris},
volume={8},
pages={229--231},
year={1959}
}

% Base citation for most of the mathematical theorems
@book{Cherubini_Copula_Methods_in_Finance,
author = {Cherubini, Umberto and Luciano, Elisa and Vecchiato, Walter},
year = {2004},
month = {06},
pages = {},
title = {Copula Methods in Finance},
isbn = {9780470863442},
doi = {10.1002/9781118673331}
}

% For copula-martingale processes and constructions
@book{Cherubini_Dynamic_Copula_Methods_in_Finance,
author = {Cherubini, Umberto and Gobbi, F. and Mulinacci, S. and Romagnoli, Silvia},
year = {2012},
month = {05},
pages = {},
title = {Dynamic Copula Methods in Finance},
isbn={9780470683071},
doi = {10.1002/9781118467404}
}

% Main citation for Vine Copulas, Pair Copula Constructions
@book{Czado_Vine_Copulas,
author = {Czado, Claudia},
year = {2019},
pages = {},
title = {Analyzing Dependent Data with Vine Copulas},
isbn = {9783030137847},
}

% More advanced Vine Copula use-cases, methods and concepts
@book{Kurowicka_Dependence_Modeling,
author = {Kurowicka, Dorota and Joe, Harry},
year = {2010},
month = {12},
title = {Dependence Modeling: Vine Copula Handbook},
isbn = {978-981-4299-87-9},
doi = {10.1142/7699}
}

% Theory of bi-/multi- variate option pricing in Pair Copula Construction framework
@article{Bernard_Pricing_Multivariate_Options_with_copulae,
author = {Bernard, Carole and Czado, Claudia},
year = {2012},
month = {07},
pages = {},
title = {Multivariate option pricing using copulae},
volume = {29},
journal = {Applied Stochastic Models in Business and Industry},
doi = {10.1002/asmb.1934}
}

%% Applications

% Vine Copulas for German Credit Spread Data
@article{Pan_Conditional_Inference,
    author = {Pan, Shenyi and Joe, Harry and Li, Guofu},
    title = {Conditional Inferences Based on Vine Copulas with Applications to Credit Spread Data of Corporate Bonds},
    journal = {Journal of Financial Econometrics},
    year = {2021},
    month = {07},
    issn = {1479-8409},
    doi = {10.1093/jjfinec/nbab016},
}

% Models for spread options, other than copulas
@article{Carmona_Spread_Options,
author = {Carmona, Rene and Durrleman, Valdo},
year = {2003},
month = {06},
pages = {},
title = {Pricing and Hedging Spread Options},
volume = {45},
journal = {SIAM Review},
doi = {10.1137/S0036144503424798}
}

% Non-Gaussianity of markets
@Inbook{Mandelbrot_NonGaussianity,
author="Mandelbrot, Benoit B.",
title="The variation of certain speculative prices",
bookTitle="Fractals and Scaling in Finance: Discontinuity, Concentration, Risk. Selecta Volume E",
year="1997",
publisher="Springer New York",
address="New York, NY",
pages="371--418",
isbn="978-1-4757-2763-0",
doi="10.1007/978-1-4757-2763-0_14",
url="https://doi.org/10.1007/978-1-4757-2763-0_14"
}

@article{CDS_Copula,
	author = {Li, David Xianglin},
	title = {On Default Correlation: A Copula Function Approach},
	journaltitle = {RiskMetrics},
	year = {1999},
}

@book{MultivariateDistributions,
	author = {Anderson, Theodore W.},
	title = {An Introduction to Multivariate Statistical Analysis},
	year = {2003},
}

@book{Joe_Multivariate_Models,
	author = {Joe, Harry},
	title = {Multivariate Models and Multivariate Dependence Concepts},
	year = {1997},
}

@article{Genest_Discrete_Copulas,
	author = {Genest, Christian and Nešlehová, Johanna},
	year = {2007},
	month = {11},
	title = {A Primer on Copulas for Count Data},
	volume = {37},
	journal = {Astin Bulletin},
	doi = {10.2143/AST.37.2.2024077}
}

@article{Koopman_DiscreteCopula_HTF,
	author = {Koopman, Siem Jan and Lit, Rutger and Lucas, Andre and Opschoor, Anne},
	year = {2018},
	month = {08},
	title = {Dynamic discrete copula models for high-frequency stock price changes},
	volume = {33},
	journal = {Journal of Applied Econometrics},
	doi = {10.1002/jae.2645}
}

@article{Shefzik_Weather,
	author       = {Schefzik, R.},
	title        = {Multivariate discrete copulas, with applications in probabilistic weather forecasting},
	journal      = {Publications de l'Institut de Statistique de l'Université de Paris},
	year         = {2015},
}

@book{Siddique_Stress_testing,
	author = {Hasan, Iftekhar and Lynch, David and Siddique Akhtar},
	title = {Stress Testing. Approaches, Methods and Applications},
	year = {2019},
}

@article{Scarsini1984,
	author = {Scarsini, Marco},
	journal = {Stochastica},
	number = {3},
	pages = {201-218},
	title = {On measures of concordance.},
	volume = {8},
	year = {1984},
}

@book{OpRisk,
	author = {Peters, Gareth and Shevchenko, Pavel},
	title = {Advances in Heavy Tailed Risk Modeling: A Handbook of Operational Risk},
	year = {2015},
}

@article{BedfordCooke2002,
	author = {Bedford, Tim and Cooke, Roger M.},
	journal = {The Annals of Statistics},
	publisher = {Institute of Mathematical Statistics},
	title = {Vines: A New Graphical Model for Dependent Random Variables},
	volume = {30},
	year = {2002}
}

@manual{BaselII,
	author = {{The Basel Committee on Banking Supervision}},
	title = {Revisions to the Basel II Market Risk Framework},
	year = {2010},
}

@article{AssymetricEquityDependency,
	author = {Vaz de Melo Mendes, Beatriz},
	title = {Asymmetric extreme interdependence in emerging equity markets},
	journaltitle = {Applied Stochastic Models in Business and Industry},
	year = {2005},
}

@article{Frees1998,
	title={Understanding relationships using copulas},
	author={Frees, Edward W. and Valdez, Emiliano A.},
	year={1998}
}

@article{Clayton1972,
	author = {Clayton, D. G.},
	journal = {Biometrika},
	title = {A Model for Association in Bivariate Life Tables and Its Application in Epidemiological Studies of Familial Tendency in Chronic Disease Incidence},
	volume = {65},
	year = {1978}
}

@article{Hougaard1986,
	author = {Hougaard, Philip},
	title = "{A class of multivariate failure time distributions}",
	journal = {Biometrika},
	volume = {73},
	number = {3},
	year = {1986},
	month = {12},
}


@article{Jianwei2021,
	author = {Gao, Jianwei and Yang, Yu and Gao, Fangjie and Liang, Pengcheng},
	title = {Optimization of Electric Vehicles Based on Frank-Copula-GlueCVaR Combined Wind and Photovoltaic Output Scheduling Research},
	journal = {Energies},
	volume = {14},
	year = {2021},
	number = {19}
}

@article{Matus2019,
	author={Matus, Omar and Barrera, Javiera and Moreno, Eduardo and Rubino, Gerardo},
	journal={IEEE Transactions on Reliability}, 
	title={On the Marshall–Olkin Copula Model for Network Reliability Under Dependent Failures}, 
	year={2019},
	volume={68},
	number={2},
	pages={451-461},
	doi={10.1109/TR.2018.2865707}}

@online{PetroleumForecasts,
	author = {{U.S. Energy Information Administration}},
	title = {Short-Term Energy Outlook},
	year={2022},
	month={08},
	date = {12/08/2022},
	url = {https://www.eia.gov/outlooks/steo/report/global_oil.php},
}


@article{spread_hedging,
	AUTHOR = {Halkos, George E. and Tsirivis, Apostolos S.},
	TITLE = {Energy Commodities: A Review of Optimal Hedging Strategies},
	JOURNAL = {Energies},
	VOLUME = {12},
	YEAR = {2019},
	NUMBER = {20},
	ARTICLE-NUMBER = {3979},
	URL = {https://www.mdpi.com/1996-1073/12/20/3979},
	ISSN = {1996-1073},
	DOI = {10.3390/en12203979}
}

@article{Carmona_Clean_Spreads,
	author = {Carmona, Rene and Coulon, Michael and Schwarz, Daniel},
	year = {2012},
	month = {12},
	pages = {1951-1965},
	title = {The Valuation of Clean Spread Options: Linking Electricity, Emissions and Fuels},
	volume = {12},
	journal = {Quantitative Finance},
	doi = {10.1080/14697688.2012.750733}
}

@book{Fixed_Income,
	author = {Choudhry, Moorad},
	title = {Fixed-income securities and derivatives handbook},
	year = {2005},
}

@article{Agro_Spreads,
	author = {Barrett, W. Brian and Kolb, Robert W.},
	title = {Analysis of spreads in agricultural futures},
	journal = {Journal of Futures Markets},
	volume = {15},
	number = {1},
	pages = {69-86},
	doi = {https://doi.org/10.1002/fut.3990150107},
	url = {https://onlinelibrary.wiley.com/doi/abs/10.1002/fut.3990150107},
	eprint = {https://onlinelibrary.wiley.com/doi/pdf/10.1002/fut.3990150107},
	year = {1995}
}

